@ARTICLE{ARTICLE:Verizni,
    AUTHOR="Branko Malešević and Luka Milinković",
    TITLE="Verižni razlomci i primene",
    JOURNAL="Simpozijum MATEMATIKA I PRIMENE, Matematički fakultet, Univerzitet u Beogradu, 2014, Vol. V(1)",
    YEAR="2014",
}
@BOOK{BOOK:Constants,
   title = {Mathematical Constants},
   publisher = {Cambridge University Press},
   author = {Steven R. Finch},
   year = {2003},
   edition = {1st},
}
@MISC{WEBSITE:Github,
	HOWPUBLISHED = "\url{https://github.com/aleksailic}",
	AUTHOR = "Aleksa Ilić",
	TITLE = "Github page",
	MONTH = "Nov",
	YEAR = "2020",
	NOTE = "Ime repozitorijuma za vreme pisanja rada: opna\_1. Autor zadržava pravo promene imena"
}